<record><leader>00000cas a2200000 a 4500</leader><controlfield tag="001">13991290</controlfield><controlfield tag="008">860731c19549999kyudr ne      0    0eng d</controlfield><datafield ind1=" " ind2=" " tag="010"><subfield code="a">sn 86069352 </subfield></datafield><datafield ind1=" " ind2=" " tag="040"><subfield code="a">KNP</subfield><subfield code="b">eng</subfield><subfield code="c">KNP</subfield><subfield code="d">DLC</subfield><subfield code="d">OCL</subfield><subfield code="d">DLC</subfield><subfield code="d">OCLCF</subfield></datafield><datafield ind1="1" ind2=" " tag="029"><subfield code="a">AU@</subfield><subfield code="b">000021676976</subfield></datafield><datafield ind1="1" ind2=" " tag="029"><subfield code="a">NZ1</subfield><subfield code="b">16076022</subfield></datafield><datafield ind1=" " ind2=" " tag="032"><subfield code="a">341680</subfield><subfield code="b">USPS</subfield></datafield><datafield ind1=" " ind2=" " tag="042"><subfield code="a">msc</subfield></datafield><datafield ind1=" " ind2=" " tag="043"><subfield code="a">n-us-ky</subfield></datafield><datafield ind1="0" ind2="0" tag="050"><subfield code="a">Newspaper</subfield></datafield><datafield ind1="0" ind2="0" tag="245"><subfield code="a">Messenger inquirer.</subfield></datafield><datafield ind1="1" ind2="3" tag="246"><subfield code="a">Owensboro messenger-inquirer</subfield><subfield code="f">&lt;July 1, 1997-&gt;</subfield></datafield><datafield ind1="3" ind2=" " tag="246"><subfield code="a">Owensboro messenger inquirer</subfield></datafield><datafield ind1="3" ind2="0" tag="246"><subfield code="a">Messenger-inquirer</subfield></datafield><datafield ind1="1" ind2="7" tag="246"><subfield code="a">Messenger and inquirer</subfield></datafield><datafield ind1=" " ind2=" " tag="260"><subfield code="a">Owensboro, Ky. :</subfield><subfield code="b">[s.n.],</subfield><subfield code="c">1954-</subfield></datafield><datafield ind1=" " ind2=" " tag="300"><subfield code="a">v.</subfield></datafield><datafield ind1=" " ind2=" " tag="310"><subfield code="a">Daily</subfield></datafield><datafield ind1="0" ind2=" " tag="362"><subfield code="a">No. 285 (Dec. 5, 1954)-</subfield></datafield><datafield ind1=" " ind2=" " tag="500"><subfield code="a">Title varies slightly.</subfield></datafield><datafield ind1=" " ind2=" " tag="500"><subfield code="a">At head of title: Owensboro, &lt;July 1, 1997-&gt;.</subfield></datafield><datafield ind1=" " ind2=" " tag="500"><subfield code="a">Publisher: Owensboro Messenger-Inquirer, &lt;July 1, 1997-&gt;.</subfield></datafield><datafield ind1=" " ind2=" " tag="515"><subfield code="a">Designation Vol. is added with issue for &lt;July 1, 1997-&gt;.</subfield></datafield><datafield ind1=" " ind2=" " tag="530"><subfield code="a">Also available on microfilm from Bell &amp; Howell Information and Learning.</subfield></datafield><datafield ind1=" " ind2=" " tag="580"><subfield code="a">Merger of: Owensboro messenger (1919), and: Owensboro inquirer.</subfield></datafield><datafield ind1=" " ind2="0" tag="651"><subfield code="a">Daviess County (Ky.)</subfield><subfield code="v">Newspapers.</subfield></datafield><datafield ind1=" " ind2="0" tag="651"><subfield code="a">Owensboro (Ky.)</subfield><subfield code="v">Newspapers.</subfield></datafield><datafield ind1=" " ind2="7" tag="655"><subfield code="a">Newspapers.</subfield><subfield code="2">fast</subfield><subfield code="0">(OCoLC)fst01423814</subfield></datafield><datafield ind1=" " ind2="7" tag="651"><subfield code="a">Kentucky</subfield><subfield code="z">Daviess County.</subfield><subfield code="2">fast</subfield><subfield code="0">(OCoLC)fst01234477</subfield></datafield><datafield ind1=" " ind2="7" tag="651"><subfield code="a">Kentucky</subfield><subfield code="z">Owensboro.</subfield><subfield code="2">fast</subfield><subfield code="0">(OCoLC)fst01218443</subfield></datafield><datafield ind1=" " ind2=" " tag="752"><subfield code="a">United States</subfield><subfield code="b">Kentucky</subfield><subfield code="c">Daviess</subfield><subfield code="d">Owensboro.</subfield></datafield><datafield ind1="1" ind2="4" tag="780"><subfield code="t">Owensboro messenger (1919)</subfield><subfield code="w">(DLC)sn 86069345</subfield><subfield code="w">(OCoLC)13983969</subfield></datafield><datafield ind1="1" ind2="4" tag="780"><subfield code="t">Owensboro inquirer</subfield><subfield code="w">(DLC)sn 82014649</subfield><subfield code="w">(OCoLC)8801446</subfield></datafield><datafield ind1=" " ind2=" " tag="936"><subfield code="a">Vol. 126, no. 59 (Feb. 28, 2000) LIC</subfield></datafield></record>